<?xml version="1.0" encoding="UTF-8"?>
<!DOCTYPE html PUBLIC "-//W3C//DTD XHTML 1.0 Transitional//EN"
    "http://www.w3.org/TR/xhtml1/DTD/xhtml1-transitional.dtd">
<html xmlns="http://www.w3.org/1999/xhtml" xml:lang="en" lang="en">
 <head>
  <title>
</title>
<meta http-equiv="Content-Type" content="text/html;charset=utf-8" />
  <meta name='ocr-system' content='tesseract 3.04.00' />
  <meta name='ocr-capabilities' content='ocr_page ocr_carea ocr_par ocr_line ocrx_word'/>
</head>
<body>
  <div class='ocr_page' id='page_1' title='image "./monumentapatauin00orsa_0213.png"; bbox 0 0 2294 3454; ppageno 0'>
   <div class='ocr_carea' id='block_1_1' title="bbox 530 168 1554 265">
    <p class='ocr_par' dir='ltr' id='par_1_1' title="bbox 530 168 1554 265">
     <span class='ocr_line' id='line_1_1' title="bbox 530 168 1554 265; baseline -0.003 -18"><span class='ocrx_word' id='word_1_1' title='bbox 530 169 693 247; x_wconf 79' lang='lat' dir='ltr'>Lib.</span> <span class='ocrx_word' id='word_1_2' title='bbox 719 168 761 243; x_wconf 79' lang='lat' dir='ltr'>I.</span> <span class='ocrx_word' id='word_1_3' title='bbox 817 172 981 246; x_wconf 52' lang='lat' dir='ltr'>Sc&amp;</span> <span class='ocrx_word' id='word_1_4' title='bbox 1057 171 1135 244; x_wconf 89' lang='lat' dir='ltr'>V.</span> <span class='ocrx_word' id='word_1_5' title='bbox 1445 195 1554 265; x_wconf 69' lang='lat'>187</span> 
     </span>
    </p>
   </div>
   <div class='ocr_carea' id='block_1_2' title="bbox 169 422 1553 487">
    <p class='ocr_par' dir='ltr' id='par_1_2' title="bbox 169 422 1553 487">
     <span class='ocr_line' id='line_1_2' title="bbox 169 422 1553 487; baseline -0.001 -17"><span class='ocrx_word' id='word_1_6' title='bbox 169 426 269 471; x_wconf 84' lang='lat' dir='ltr'>IN</span> <span class='ocrx_word' id='word_1_7' title='bbox 339 422 739 472; x_wconf 64' lang='lat' dir='ltr'><em>AEDIDVs</em></span> <span class='ocrx_word' id='word_1_8' title='bbox 820 426 1553 487; x_wconf 69' lang='lat' dir='ltr'>CORReADEst.</span> 
     </span>
    </p>
   </div>
   <div class='ocr_carea' id='block_1_3' title="bbox 33 655 1699 2055">
    <p class='ocr_par' dir='ltr' id='par_1_3' title="bbox 33 655 1699 2055">
     <span class='ocr_line' id='line_1_3' title="bbox 37 655 1684 779; baseline -0.001 -66"><span class='ocrx_word' id='word_1_9' title='bbox 37 655 310 779; x_wconf 76' lang='lat' dir='ltr'>SVperato</span> <span class='ocrx_word' id='word_1_10' title='bbox 333 661 665 713; x_wconf 84' lang='lat' dir='ltr'>Turricellarum</span> <span class='ocrx_word' id='word_1_11' title='bbox 689 679 821 732; x_wconf 83' lang='lat' dir='ltr'>ponte</span> <span class='ocrx_word' id='word_1_12' title='bbox 845 669 884 712; x_wconf 83' lang='lat' dir='ltr'>S.</span> <span class='ocrx_word' id='word_1_13' title='bbox 908 663 1143 714; x_wconf 84' lang='lat' dir='ltr'>Danielem</span> <span class='ocrx_word' id='word_1_14' title='bbox 1169 664 1303 713; x_wconf 86' lang='lat' dir='ltr'>versus</span> <span class='ocrx_word' id='word_1_15' title='bbox 1337 664 1600 716; x_wconf 77' lang='lat' dir='ltr'>Corradenae</span> <span class='ocrx_word' id='word_1_16' title='bbox 1622 664 1684 714; x_wconf 83' lang='lat' dir='ltr'>fa-</span> 
     </span>
     <span class='ocr_line' id='line_1_4' title="bbox 159 733 1687 797; baseline 0.001 -16"><span class='ocrx_word' id='word_1_17' title='bbox 159 733 287 781; x_wconf 85' lang='lat' dir='ltr'>miliae</span> <span class='ocrx_word' id='word_1_18' title='bbox 304 736 516 781; x_wconf 82' lang='lat' dir='ltr'>Patauinae</span> <span class='ocrx_word' id='word_1_19' title='bbox 536 749 764 781; x_wconf 87' lang='lat' dir='ltr'>occurrunt</span> <span class='ocrx_word' id='word_1_20' title='bbox 789 733 922 782; x_wconf 86' lang='lat' dir='ltr'>aedes.</span> <span class='ocrx_word' id='word_1_21' title='bbox 947 737 1080 782; x_wconf 88' lang='lat' dir='ltr'>Hanc</span> <span class='ocrx_word' id='word_1_22' title='bbox 1109 733 1275 784; x_wconf 84' lang='lat' dir='ltr'>summe</span> <span class='ocrx_word' id='word_1_23' title='bbox 1308 733 1529 783; x_wconf 83' lang='lat' dir='ltr'>illustrauit</span> <span class='ocrx_word' id='word_1_24' title='bbox 1549 733 1687 797; x_wconf 83' lang='lat' dir='ltr'>Aloy-</span> 
     </span>
     <span class='ocr_line' id='line_1_5' title="bbox 43 799 1686 872; baseline 0.001 -24"><span class='ocrx_word' id='word_1_25' title='bbox 43 799 119 848; x_wconf 74' lang='lat' dir='ltr'>sius</span> <span class='ocrx_word' id='word_1_26' title='bbox 141 800 450 851; x_wconf 85' lang='lat' dir='ltr'>Iurisconsultus</span> <span class='ocrx_word' id='word_1_27' title='bbox 485 810 529 849; x_wconf 75' lang='grc' dir='ltr'>δε</span> <span class='ocrx_word' id='word_1_28' title='bbox 561 818 706 849; x_wconf 87' lang='lat' dir='ltr'>orator</span> <span class='ocrx_word' id='word_1_29' title='bbox 739 800 796 849; x_wconf 85' lang='lat' dir='ltr'>sui</span> <span class='ocrx_word' id='word_1_30' title='bbox 827 807 906 852; x_wconf 81' lang='lat' dir='ltr'>aeui</span> <span class='ocrx_word' id='word_1_31' title='bbox 931 809 1088 872; x_wconf 87' lang='lat' dir='ltr'>primus</span> <span class='ocrx_word' id='word_1_32' title='bbox 1108 839 1120 859; x_wconf 92' lang='lat'>‚</span> <span class='ocrx_word' id='word_1_33' title='bbox 1149 808 1222 871; x_wconf 88' lang='lat' dir='ltr'>qui</span> <span class='ocrx_word' id='word_1_34' title='bbox 1248 809 1552 870; x_wconf 84' lang='lat' dir='ltr'>antiquitatum</span> <span class='ocrx_word' id='word_1_35' title='bbox 1576 807 1686 851; x_wconf 87' lang='lat' dir='ltr'>inter</span> 
     </span>
     <span class='ocr_line' id='line_1_6' title="bbox 39 868 1687 940; baseline 0.001 -23"><span class='ocrx_word' id='word_1_36' title='bbox 39 886 176 919; x_wconf 82' lang='lat' dir='ltr'>cetera</span> <span class='ocrx_word' id='word_1_37' title='bbox 201 868 462 938; x_wconf 84' lang='lat' dir='ltr'>peritiffimus</span> <span class='ocrx_word' id='word_1_38' title='bbox 491 868 598 918; x_wconf 91' lang='lat' dir='ltr'>nulli</span> <span class='ocrx_word' id='word_1_39' title='bbox 617 876 661 918; x_wconf 91' lang='lat' dir='ltr'>in</span> <span class='ocrx_word' id='word_1_40' title='bbox 688 876 742 919; x_wconf 88' lang='lat' dir='ltr'>eis</span> <span class='ocrx_word' id='word_1_41' title='bbox 764 870 1020 940; x_wconf 76' lang='lat' dir='ltr'>colligendis</span> <span class='ocrx_word' id='word_1_42' title='bbox 1041 876 1227 940; x_wconf 87' lang='lat' dir='ltr'>pepercit</span> <span class='ocrx_word' id='word_1_43' title='bbox 1246 872 1470 939; x_wconf 84' lang='lat' dir='ltr'>impensae:</span> <span class='ocrx_word' id='word_1_44' title='bbox 1499 872 1687 928; x_wconf 54' lang='lat' dir='ltr'>vndQ</span> 
     </span>
     <span class='ocr_line' id='line_1_7' title="bbox 41 938 1688 1010; baseline 0 -24"><span class='ocrx_word' id='word_1_45' title='bbox 41 942 344 989; x_wconf 82' lang='lat' dir='ltr'>numismatum</span> <span class='ocrx_word' id='word_1_46' title='bbox 362 975 375 992; x_wconf 95' lang='lat'>,</span> <span class='ocrx_word' id='word_1_47' title='bbox 412 955 804 988; x_wconf 81' lang='lat' dir='ltr'>monumentorum</span> <span class='ocrx_word' id='word_1_48' title='bbox 829 977 842 997; x_wconf 93' lang='lat'>,</span> <span class='ocrx_word' id='word_1_49' title='bbox 877 940 1145 1010; x_wconf 81' lang='lat' dir='ltr'>aliarumque</span> <span class='ocrx_word' id='word_1_50' title='bbox 1171 946 1471 1009; x_wconf 81' lang='lat' dir='ltr'>antiquitatem</span> <span class='ocrx_word' id='word_1_51' title='bbox 1486 938 1688 989; x_wconf 87' lang='lat' dir='ltr'>redolen-</span> 
     </span>
     <span class='ocr_line' id='line_1_8' title="bbox 38 1007 1691 1077; baseline 0.001 -24"><span class='ocrx_word' id='word_1_52' title='bbox 38 1012 144 1056; x_wconf 88' lang='lat' dir='ltr'>tium</span> <span class='ocrx_word' id='word_1_53' title='bbox 160 1028 296 1058; x_wconf 86' lang='lat' dir='ltr'>rerum</span> <span class='ocrx_word' id='word_1_54' title='bbox 320 1007 563 1077; x_wconf 71' lang='lat' dir='ltr'>exquisitam</span> <span class='ocrx_word' id='word_1_55' title='bbox 590 1007 764 1077; x_wconf 86' lang='lat' dir='ltr'>collegit</span> <span class='ocrx_word' id='word_1_56' title='bbox 778 1008 1080 1077; x_wconf 75' lang='lat' dir='ltr'>supelletstilem</span> <span class='ocrx_word' id='word_1_57' title='bbox 1100 1047 1112 1064; x_wconf 94' lang='lat'>‚</span> <span class='ocrx_word' id='word_1_58' title='bbox 1142 1018 1186 1057; x_wconf 74' lang='lat' dir='ltr'>&amp;t</span> <span class='ocrx_word' id='word_1_59' title='bbox 1207 1026 1502 1058; x_wconf 83' lang='lat' dir='ltr'>monumenta</span> <span class='ocrx_word' id='word_1_60' title='bbox 1529 1008 1599 1056; x_wconf 86' lang='lat' dir='ltr'>hic</span> <span class='ocrx_word' id='word_1_61' title='bbox 1624 1011 1691 1054; x_wconf 88' lang='lat' dir='ltr'>in-</span> 
     </span>
     <span class='ocr_line' id='line_1_9' title="bbox 33 1076 1689 1146; baseline -0.002 -20"><span class='ocrx_word' id='word_1_62' title='bbox 33 1077 158 1127; x_wconf 84' lang='lat' dir='ltr'>ferius</span> <span class='ocrx_word' id='word_1_63' title='bbox 173 1093 379 1127; x_wconf 82' lang='lat' dir='ltr'>annot-ata</span> <span class='ocrx_word' id='word_1_64' title='bbox 404 1076 716 1146; x_wconf 82' lang='lat' dir='ltr'>elegantiffimo</span> <span class='ocrx_word' id='word_1_65' title='bbox 737 1078 894 1126; x_wconf 84' lang='lat' dir='ltr'>ordine</span> <span class='ocrx_word' id='word_1_66' title='bbox 918 1080 1050 1128; x_wconf 86' lang='lat' dir='ltr'>suisin</span> <span class='ocrx_word' id='word_1_67' title='bbox 1087 1078 1247 1128; x_wconf 64' lang='lat' dir='ltr'>aedibus</span> <span class='ocrx_word' id='word_1_68' title='bbox 1277 1077 1495 1146; x_wconf 85' lang='lat' dir='ltr'>disposuit.</span> <span class='ocrx_word' id='word_1_69' title='bbox 1521 1080 1689 1146; x_wconf 83' lang='lat' dir='ltr'>Egregij</span> 
     </span>
     <span class='ocr_line' id='line_1_10' title="bbox 34 1145 1690 1216; baseline -0.001 -24"><span class='ocrx_word' id='word_1_70' title='bbox 34 1149 156 1216; x_wconf 85' lang='lat' dir='ltr'>patris</span> <span class='ocrx_word' id='word_1_71' title='bbox 181 1146 352 1214; x_wconf 79' lang='lat' dir='ltr'>vestigia</span> <span class='ocrx_word' id='word_1_72' title='bbox 380 1145 527 1195; x_wconf 85' lang='lat' dir='ltr'>valido</span> <span class='ocrx_word' id='word_1_73' title='bbox 539 1145 650 1213; x_wconf 86' lang='lat' dir='ltr'>pede</span> <span class='ocrx_word' id='word_1_74' title='bbox 663 1145 838 1213; x_wconf 79' lang='lat' dir='ltr'>pressere</span> <span class='ocrx_word' id='word_1_75' title='bbox 860 1148 1141 1197; x_wconf 83' lang='lat' dir='ltr'>Bonacurfius</span> <span class='ocrx_word' id='word_1_76' title='bbox 1169 1147 1359 1196; x_wconf 88' lang='lat' dir='ltr'>medicus</span> <span class='ocrx_word' id='word_1_77' title='bbox 1372 1165 1463 1196; x_wconf 90' lang='lat' dir='ltr'>non</span> <span class='ocrx_word' id='word_1_78' title='bbox 1478 1145 1659 1213; x_wconf 77' lang='lat' dir='ltr'>vulgaris</span> <span class='ocrx_word' id='word_1_79' title='bbox 1675 1179 1690 1199; x_wconf 90' lang='lat'>,</span> 
     </span>
     <span class='ocr_line' id='line_1_11' title="bbox 37 1213 1691 1283; baseline 0 -22"><span class='ocrx_word' id='word_1_80' title='bbox 37 1220 203 1264; x_wconf 85' lang='lat' dir='ltr'>iuuenis</span> <span class='ocrx_word' id='word_1_81' title='bbox 235 1216 476 1265; x_wconf 86' lang='lat' dir='ltr'>admodum</span> <span class='ocrx_word' id='word_1_82' title='bbox 519 1214 640 1283; x_wconf 85' lang='lat' dir='ltr'>pestis</span> <span class='ocrx_word' id='word_1_83' title='bbox 674 1213 822 1262; x_wconf 83' lang='lat' dir='ltr'>saeuitia</span> <span class='ocrx_word' id='word_1_84' title='bbox 850 1235 976 1267; x_wconf 89' lang='lat' dir='ltr'>anno</span> <span class='ocrx_word' id='word_1_85' title='bbox 1002 1218 1135 1267; x_wconf 80' lang='lat' dir='ltr'>salutis</span> <span class='ocrx_word' id='word_1_86' title='bbox 1164 1229 1454 1265; x_wconf 61' lang='lat' dir='ltr'><strong>MDCXXXL</strong></span> <span class='ocrx_word' id='word_1_87' title='bbox 1490 1215 1691 1272; x_wconf 81' lang='lat' dir='ltr'>sublatus;</span> 
     </span>
     <span class='ocr_line' id='line_1_12' title="bbox 39 1281 1696 1353; baseline -0.002 -18"><span class='ocrx_word' id='word_1_88' title='bbox 39 1284 244 1335; x_wconf 84' lang='lat' dir='ltr'>Hercules</span> <span class='ocrx_word' id='word_1_89' title='bbox 268 1284 584 1335; x_wconf 82' lang='lat' dir='ltr'>Mathematicis</span> <span class='ocrx_word' id='word_1_90' title='bbox 611 1282 803 1335; x_wconf 79' lang='lat' dir='ltr'>deditus,</span> <span class='ocrx_word' id='word_1_91' title='bbox 819 1289 895 1352; x_wconf 88' lang='lat' dir='ltr'>qui</span> <span class='ocrx_word' id='word_1_92' title='bbox 921 1291 967 1334; x_wconf 90' lang='lat' dir='ltr'>in</span> <span class='ocrx_word' id='word_1_93' title='bbox 990 1288 1131 1335; x_wconf 87' lang='lat' dir='ltr'>castris</span> <span class='ocrx_word' id='word_1_94' title='bbox 1164 1284 1367 1353; x_wconf 88' lang='lat' dir='ltr'>Hispanis</span> <span class='ocrx_word' id='word_1_95' title='bbox 1403 1285 1457 1333; x_wconf 89' lang='lat' dir='ltr'>ad</span> <span class='ocrx_word' id='word_1_96' title='bbox 1480 1281 1696 1333; x_wconf 82' lang='lat' dir='ltr'>Vercellas</span> 
     </span>
     <span class='ocr_line' id='line_1_13' title="bbox 40 1349 1692 1424; baseline -0.004 -18"><span class='ocrx_word' id='word_1_97' title='bbox 40 1361 169 1406; x_wconf 87' lang='lat' dir='ltr'>nimis</span> <span class='ocrx_word' id='word_1_98' title='bbox 193 1371 446 1424; x_wconf 72' lang='lat' dir='ltr'>praematura</span> <span class='ocrx_word' id='word_1_99' title='bbox 469 1353 544 1402; x_wconf 88' lang='lat' dir='ltr'>suis</span> <span class='ocrx_word' id='word_1_100' title='bbox 567 1367 704 1400; x_wconf 87' lang='lat' dir='ltr'>morte</span> <span class='ocrx_word' id='word_1_101' title='bbox 728 1355 929 1403; x_wconf 90' lang='lat' dir='ltr'>occubuit</span> <span class='ocrx_word' id='word_1_102' title='bbox 968 1375 980 1402; x_wconf 89' lang='lat'><strong>:</strong></span> <span class='ocrx_word' id='word_1_103' title='bbox 1018 1354 1087 1404; x_wconf 87' lang='lat' dir='ltr'>sed</span> <span class='ocrx_word' id='word_1_104' title='bbox 1122 1359 1327 1424; x_wconf 81' lang='lat' dir='ltr'>praecipue</span> <span class='ocrx_word' id='word_1_105' title='bbox 1338 1349 1596 1401; x_wconf 81' lang='lat' dir='ltr'>suauiffiinus</span> <span class='ocrx_word' id='word_1_106' title='bbox 1611 1370 1692 1400; x_wconf 87' lang='lat' dir='ltr'>nec</span> 
     </span>
     <span class='ocr_line' id='line_1_14' title="bbox 40 1420 1694 1493; baseline -0.004 -17"><span class='ocrx_word' id='word_1_107' title='bbox 40 1443 238 1493; x_wconf 87' lang='lat' dir='ltr'>vnquam</span> <span class='ocrx_word' id='word_1_108' title='bbox 262 1422 556 1474; x_wconf 84' lang='lat' dir='ltr'>obliterandus</span> <span class='ocrx_word' id='word_1_109' title='bbox 579 1425 740 1470; x_wconf 88' lang='lat' dir='ltr'>amicus</span> <span class='ocrx_word' id='word_1_110' title='bbox 756 1431 798 1470; x_wconf 86' lang='lat'>&amp;</span> <span class='ocrx_word' id='word_1_111' title='bbox 824 1423 1137 1492; x_wconf 88' lang='lat' dir='ltr'>condiscipulus</span> <span class='ocrx_word' id='word_1_112' title='bbox 1160 1439 1278 1471; x_wconf 84' lang='lat' dir='ltr'>meus</span> <span class='ocrx_word' id='word_1_113' title='bbox 1301 1421 1499 1470; x_wconf 83' lang='lat' dir='ltr'>Andreas</span> <span class='ocrx_word' id='word_1_114' title='bbox 1514 1454 1527 1473; x_wconf 77' lang='lat'><em>2</em></span> <span class='ocrx_word' id='word_1_115' title='bbox 1542 1420 1694 1470; x_wconf 85' lang='lat' dir='ltr'>itidem</span> 
     </span>
     <span class='ocr_line' id='line_1_15' title="bbox 44 1489 1695 1564; baseline -0.004 -20"><span class='ocrx_word' id='word_1_116' title='bbox 44 1493 321 1564; x_wconf 85' lang='lat' dir='ltr'>Philosophus</span> <span class='ocrx_word' id='word_1_117' title='bbox 344 1503 387 1543; x_wconf 88' lang='lat'>&amp;</span> <span class='ocrx_word' id='word_1_118' title='bbox 414 1492 604 1542; x_wconf 87' lang='lat' dir='ltr'>medicus</span> <span class='ocrx_word' id='word_1_119' title='bbox 627 1490 946 1551; x_wconf 83' lang='lat' dir='ltr'>eruditiffimus‚</span> <span class='ocrx_word' id='word_1_120' title='bbox 969 1498 1043 1562; x_wconf 90' lang='lat' dir='ltr'>qui</span> <span class='ocrx_word' id='word_1_121' title='bbox 1064 1490 1310 1541; x_wconf 80' lang='lat' dir='ltr'>adolescens</span> <span class='ocrx_word' id='word_1_122' title='bbox 1328 1489 1573 1538; x_wconf 86' lang='lat' dir='ltr'>admodum</span> <span class='ocrx_word' id='word_1_123' title='bbox 1598 1524 1613 1546; x_wconf 94' lang='lat'>‚</span> <span class='ocrx_word' id='word_1_124' title='bbox 1649 1498 1695 1538; x_wconf 86' lang='lat'>&amp;</span> 
     </span>
     <span class='ocr_line' id='line_1_16' title="bbox 45 1559 1698 1631; baseline -0.005 -18"><span class='ocrx_word' id='word_1_125' title='bbox 45 1564 282 1614; x_wconf 83' lang='lat' dir='ltr'>secundam</span> <span class='ocrx_word' id='word_1_126' title='bbox 309 1560 583 1631; x_wconf 65' lang='lat' dir='ltr'>philosophiae</span> <span class='ocrx_word' id='word_1_127' title='bbox 606 1559 854 1610; x_wconf 82' lang='lat' dir='ltr'>cathedram</span> <span class='ocrx_word' id='word_1_128' title='bbox 879 1561 1260 1611; x_wconf 85' lang='lat' dir='ltr'>extraordinariam</span> <span class='ocrx_word' id='word_1_129' title='bbox 1279 1562 1326 1606; x_wconf 92' lang='lat' dir='ltr'>in</span> <span class='ocrx_word' id='word_1_130' title='bbox 1351 1563 1487 1625; x_wconf 88' lang='lat' dir='ltr'>patrio</span> <span class='ocrx_word' id='word_1_131' title='bbox 1500 1563 1698 1621; x_wconf 90' lang='lat' dir='ltr'>Gymna-</span> 
     </span>
     <span class='ocr_line' id='line_1_17' title="bbox 43 1624 1695 1700; baseline -0.005 -18"><span class='ocrx_word' id='word_1_132' title='bbox 43 1634 106 1683; x_wconf 84' lang='lat' dir='ltr'>fio</span> <span class='ocrx_word' id='word_1_133' title='bbox 119 1651 285 1700; x_wconf 86' lang='lat' dir='ltr'>magno</span> <span class='ocrx_word' id='word_1_134' title='bbox 305 1650 402 1680; x_wconf 88' lang='lat' dir='ltr'>cum</span> <span class='ocrx_word' id='word_1_135' title='bbox 418 1629 560 1698; x_wconf 85' lang='lat' dir='ltr'>plausu</span> <span class='ocrx_word' id='word_1_136' title='bbox 573 1638 804 1698; x_wconf 75' lang='lat' dir='ltr'>regen5,&amp;</span> <span class='ocrx_word' id='word_1_137' title='bbox 828 1646 1088 1700; x_wconf 87' lang='lat' dir='ltr'>aegrotorum</span> <span class='ocrx_word' id='word_1_138' title='bbox 1110 1646 1260 1679; x_wconf 88' lang='lat' dir='ltr'>curam</span> <span class='ocrx_word' id='word_1_139' title='bbox 1284 1624 1481 1675; x_wconf 87' lang='lat' dir='ltr'>felicibus</span> <span class='ocrx_word' id='word_1_140' title='bbox 1505 1625 1695 1694; x_wconf 78' lang='lat' dir='ltr'>auspicijs</span> 
     </span>
     <span class='ocr_line' id='line_1_18' title="bbox 46 1692 1697 1767; baseline -0.006 -15"><span class='ocrx_word' id='word_1_141' title='bbox 46 1719 245 1753; x_wconf 85' lang='lat' dir='ltr'>exercens</span> <span class='ocrx_word' id='word_1_142' title='bbox 271 1701 382 1767; x_wconf 90' lang='lat' dir='ltr'>(pro</span> <span class='ocrx_word' id='word_1_143' title='bbox 401 1700 557 1764; x_wconf 89' lang='lat' dir='ltr'>dolor)</span> <span class='ocrx_word' id='word_1_144' title='bbox 571 1698 724 1747; x_wconf 85' lang='lat' dir='ltr'>acerbe</span> <span class='ocrx_word' id='word_1_145' title='bbox 739 1703 864 1747; x_wconf 89' lang='lat' dir='ltr'>nimis</span> <span class='ocrx_word' id='word_1_146' title='bbox 889 1716 1010 1748; x_wconf 87' lang='lat' dir='ltr'>anno</span> <span class='ocrx_word' id='word_1_147' title='bbox 1034 1697 1113 1748; x_wconf 84' lang='lat' dir='ltr'>suae</span> <span class='ocrx_word' id='word_1_148' title='bbox 1145 1699 1278 1748; x_wconf 82' lang='lat' dir='ltr'>aetatis</span> <span class='ocrx_word' id='word_1_149' title='bbox 1298 1692 1515 1764; x_wconf 72' lang='lat' dir='ltr'>trigesimo</span> <span class='ocrx_word' id='word_1_150' title='bbox 1536 1732 1550 1753; x_wconf 92' lang='lat'><strong>,</strong></span> <span class='ocrx_word' id='word_1_151' title='bbox 1570 1695 1697 1743; x_wconf 87' lang='lat' dir='ltr'>Chri-</span> 
     </span>
     <span class='ocr_line' id='line_1_19' title="bbox 54 1764 1696 1838; baseline -0.005 -17"><span class='ocrx_word' id='word_1_152' title='bbox 54 1773 103 1821; x_wconf 87' lang='lat' dir='ltr'>sti</span> <span class='ocrx_word' id='word_1_153' title='bbox 115 1767 416 1820; x_wconf 85' lang='lat' dir='ltr'>sexcentefimo</span> <span class='ocrx_word' id='word_1_154' title='bbox 438 1764 770 1837; x_wconf 73' lang='lat' dir='ltr'>quadragesimo</span> <span class='ocrx_word' id='word_1_155' title='bbox 800 1770 961 1819; x_wconf 60' lang='lat' dir='ltr'>octauo</span> <span class='ocrx_word' id='word_1_156' title='bbox 989 1768 1110 1838; x_wconf 85' lang='lat' dir='ltr'>supra</span> <span class='ocrx_word' id='word_1_157' title='bbox 1132 1764 1408 1817; x_wconf 85' lang='lat' dir='ltr'>millefimum</span> <span class='ocrx_word' id='word_1_158' title='bbox 1424 1801 1438 1822; x_wconf 93' lang='lat'><em>,</em></span> <span class='ocrx_word' id='word_1_159' title='bbox 1466 1770 1600 1814; x_wconf 83' lang='lat' dir='ltr'>vitam</span> <span class='ocrx_word' id='word_1_160' title='bbox 1625 1765 1696 1813; x_wconf 86' lang='lat' dir='ltr'>sed</span> 
     </span>
     <span class='ocr_line' id='line_1_20' title="bbox 48 1832 1699 1907; baseline -0.004 -19"><span class='ocrx_word' id='word_1_161' title='bbox 48 1844 243 1890; x_wconf 87' lang='lat' dir='ltr'>nominis</span> <span class='ocrx_word' id='word_1_162' title='bbox 258 1839 442 1907; x_wconf 83' lang='lat' dir='ltr'>gloriam</span> <span class='ocrx_word' id='word_1_163' title='bbox 467 1854 561 1885; x_wconf 89' lang='lat' dir='ltr'>non</span> <span class='ocrx_word' id='word_1_164' title='bbox 586 1833 724 1884; x_wconf 86' lang='lat' dir='ltr'>amifit</span> <span class='ocrx_word' id='word_1_165' title='bbox 744 1868 757 1881; x_wconf 88' lang='lat'><strong>.</strong></span> <span class='ocrx_word' id='word_1_166' title='bbox 790 1837 909 1886; x_wconf 90' lang='lat' dir='ltr'>Solus</span> <span class='ocrx_word' id='word_1_167' title='bbox 939 1837 1118 1906; x_wconf 87' lang='lat' dir='ltr'>superest</span> <span class='ocrx_word' id='word_1_168' title='bbox 1142 1857 1165 1885; x_wconf 93' lang='lat' dir='ltr'>e</span> <span class='ocrx_word' id='word_1_169' title='bbox 1189 1833 1384 1884; x_wconf 83' lang='lat' dir='ltr'>fratribus</span> <span class='ocrx_word' id='word_1_170' title='bbox 1409 1832 1615 1881; x_wconf 84' lang='lat' dir='ltr'>Nicolaus</span> <span class='ocrx_word' id='word_1_171' title='bbox 1637 1839 1699 1881; x_wconf 88' lang='lat' dir='ltr'>vir</span> 
     </span>
     <span class='ocr_line' id='line_1_21' title="bbox 53 1901 1695 1978; baseline -0.004 -20"><span class='ocrx_word' id='word_1_172' title='bbox 53 1927 229 1962; x_wconf 84' lang='lat' dir='ltr'>morum</span> <span class='ocrx_word' id='word_1_173' title='bbox 249 1911 449 1956; x_wconf 88' lang='lat' dir='ltr'>comitate</span> <span class='ocrx_word' id='word_1_174' title='bbox 494 1923 544 1954; x_wconf 89' lang='lat' dir='ltr'>ac</span> <span class='ocrx_word' id='word_1_175' title='bbox 573 1921 714 1953; x_wconf 87' lang='lat' dir='ltr'>return</span> <span class='ocrx_word' id='word_1_176' title='bbox 738 1909 891 1954; x_wconf 86' lang='lat' dir='ltr'>notitia</span> <span class='ocrx_word' id='word_1_177' title='bbox 914 1903 1246 1978; x_wconf 83' lang='lat' dir='ltr'>fingularis‚qui</span> <span class='ocrx_word' id='word_1_178' title='bbox 1262 1913 1307 1954; x_wconf 82' lang='lat'>&amp;</span> <span class='ocrx_word' id='word_1_179' title='bbox 1331 1901 1589 1953; x_wconf 83' lang='lat' dir='ltr'>numismata</span> <span class='ocrx_word' id='word_1_180' title='bbox 1610 1938 1626 1962; x_wconf 89' lang='lat'>‚</span> <span class='ocrx_word' id='word_1_181' title='bbox 1651 1911 1695 1951; x_wconf 82' lang='lat'>&amp;</span> 
     </span>
     <span class='ocr_line' id='line_1_22' title="bbox 54 1969 1693 2055; baseline -0.001 -30"><span class='ocrx_word' id='word_1_182' title='bbox 54 1979 272 2055; x_wconf 71' lang='lat' dir='ltr'>sequentia</span> <span class='ocrx_word' id='word_1_183' title='bbox 283 1975 371 2029; x_wconf 73' lang='lat' dir='ltr'>hsce</span> <span class='ocrx_word' id='word_1_184' title='bbox 386 1989 675 2048; x_wconf 71' lang='lat' dir='ltr'>monumenta</span> <span class='ocrx_word' id='word_1_185' title='bbox 697 1972 845 2027; x_wconf 84' lang='lat' dir='ltr'>sedulo</span> <span class='ocrx_word' id='word_1_186' title='bbox 871 1975 1079 2025; x_wconf 83' lang='lat' dir='ltr'>custodit.</span> <span class='ocrx_word' id='word_1_187' title='bbox 1238 1974 1243 1975; x_wconf 45' lang='lat'><em>⁷</em></span> <span class='ocrx_word' id='word_1_188' title='bbox 1264 1971 1307 1977; x_wconf 44' lang='lat'>“⁴</span> <span class='ocrx_word' id='word_1_189' title='bbox 1331 1971 1436 1976; x_wconf 41' lang='lat' dir='ltr'>“W</span> <span class='ocrx_word' id='word_1_190' title='bbox 1460 1971 1466 1974; x_wconf 71' lang='grc'><strong><em>’</em></strong></span> <span class='ocrx_word' id='word_1_191' title='bbox 1490 1971 1514 1974; x_wconf 53' lang='grc'><strong>”</strong></span> <span class='ocrx_word' id='word_1_192' title='bbox 1550 1973 1553 1975; x_wconf 68' lang='grc'><strong>’</strong></span> <span class='ocrx_word' id='word_1_193' title='bbox 1687 1969 1693 1972; x_wconf 53' lang='grc'><em>”</em></span> 
     </span>
    </p>
   </div>
   <div class='ocr_carea' id='block_1_4' title="bbox 1259 3162 1437 3209">
    <p class='ocr_par' dir='ltr' id='par_1_4' title="bbox 1259 3162 1437 3209">
     <span class='ocr_line' id='line_1_23' title="bbox 1259 3162 1437 3209; baseline -0.017 0"><span class='ocrx_word' id='word_1_194' title='bbox 1259 3162 1337 3209; x_wconf 52' lang='lat' dir='ltr'>fia.</span> <span class='ocrx_word' id='word_1_195' title='bbox 1406 3167 1437 3201; x_wconf 55' lang='lat' dir='ltr'>{a</span> 
     </span>
    </p>
   </div>
  </div>
 </body>
</html>
